@article{Aleksandrov,
  author   = {Aleksandrov, A. D.},
  title    = {Uniqueness theorems for surfaces in the large. {V}},
  journal  = {Amer. Math. Soc. Transl. (2)},
  fjournal = {Amer. Math. Soc. Transl. (2)},
  volume   = {21},
  year     = {1962},
  pages    = {412--416},
  mrclass  = {53.75},
  mrnumber = {150710}
}
@article{Almgren,
  author     = {Almgren, Jr., F. J.},
  title      = {Some interior regularity theorems for minimal surfaces and an
                extension of {B}ernstein's theorem},
  journal    = {Ann. of Math. (2)},
  fjournal   = {Annals of Mathematics. Second Series},
  volume     = {84},
  year       = {1966},
  pages      = {277--292},
  issn       = {0003-486X},
  mrclass    = {53.04},
  mrnumber   = {200816},
  mrreviewer = {W.\ P.\ Ziemer},
  doi        = {10.2307/1970520},
  url        = {https://doi.org/10.2307/1970520}
}
@article{Bayle,
  author     = {Bayle, Vincent},
  title      = {A differential inequality for the isoperimetric profile},
  journal    = {Int. Math. Res. Not.},
  fjournal   = {International Mathematics Research Notices},
  year       = {2004},
  volume     = {7},
  pages      = {311--342},
  issn       = {1073-7928,1687-0247},
  mrclass    = {53C20 (53C65)},
  mrnumber   = {2041647},
  mrreviewer = {Gilles\ Carron},
  doi        = {10.1155/S1073792804130079},
  url        = {https://doi.org/10.1155/S1073792804130079}
}
@misc{Bellettini,
  title         = {Extensions of {S}choen--{S}imon--{Y}au and {S}choen--{S}imon theorems via iteration \`{a} la {D}e {G}iorgi},
  author        = {Costante Bellettini},
  year          = {2023},
  eprint        = {2310.01340},
  archiveprefix = {arXiv},
  primaryclass  = {math.AP},
  url           = {https://arxiv.org/abs/2310.01340}
}
@article{Bombieri,
  author     = {Bombieri, E. and De Giorgi, E. and Giusti, E.},
  title      = {Minimal cones and the {B}ernstein problem},
  journal    = {Invent. Math.},
  fjournal   = {Inventiones Mathematicae},
  volume     = {7},
  year       = {1969},
  pages      = {243--268},
  issn       = {0020-9910,1432-1297},
  mrclass    = {53.04},
  mrnumber   = {250205},
  mrreviewer = {E.\ F.\ Beckenbach},
  doi        = {10.1007/BF01404309},
  url        = {https://doi.org/10.1007/BF01404309}
}
@article{Brendle-Eichmair,
  author   = {Brendle, Simon and Eichmair, Michael},
  title    = {The isoperimetric inequality},
  journal  = {Notices Amer. Math. Soc.},
  fjournal = {Notices of the American Mathematical Society},
  volume   = {71},
  year     = {2024},
  number   = {6},
  pages    = {708--713},
  issn     = {0002-9920,1088-9477},
  mrclass  = {53A10 (49Q22)},
  mrnumber = {4767162}
}
@article{Catino,
  author   = {Catino, Giovanni and Mastrolia, Paolo and Roncoroni, Alberto},
  title    = {Two rigidity results for stable minimal hypersurfaces},
  journal  = {Geom. Funct. Anal.},
  fjournal = {Geometric and Functional Analysis},
  volume   = {34},
  year     = {2024},
  number   = {1},
  pages    = {1--18},
  issn     = {1016-443X,1420-8970},
  mrclass  = {53C42 (53C21)},
  mrnumber = {4706440},
  doi      = {10.1007/s00039-024-00662-1},
  url      = {https://doi.org/10.1007/s00039-024-00662-1}
}
@article{Chodosh-Li1,
  author   = {Chodosh, Otis and Li, Chao},
  title    = {Stable minimal hypersurfaces in {${\bf R}^4$}},
  journal  = {Acta Math.},
  fjournal = {Acta Mathematica},
  volume   = {233},
  year     = {2024},
  number   = {1},
  pages    = {1--31},
  issn     = {0001-5962,1871-2509},
  mrclass  = {53A10 (53C42)},
  mrnumber = {4816633},
  doi      = {10.4310/acta.2024.v233.n1.a1},
  url      = {https://doi.org/10.4310/acta.2024.v233.n1.a1}
}
@misc{Chodosh-Li2,
  title         = {Stable minimal hypersurfaces in $\mathbf{R}^5$},
  author        = {Otis Chodosh and Chao Li and Paul Minter and Douglas Stryker},
  year          = {2025},
  eprint        = {2401.01492},
  archiveprefix = {arXiv},
  primaryclass  = {math.DG},
  url           = {https://arxiv.org/abs/2401.01492}
}
@book{Colding-Minicozzi,
  author     = {Colding, Tobias Holck and Minicozzi, II, William P.},
  title      = {A course in minimal surfaces},
  series     = {Graduate Studies in Mathematics},
  volume     = {121},
  publisher  = {American Mathematical Society, Providence, RI},
  year       = {2011},
  pages      = {xii+313},
  isbn       = {978-0-8218-5323-8},
  mrclass    = {53A10 (35J93 49Q05)},
  mrnumber   = {2780140},
  mrreviewer = {Andrew\ Bucki},
  doi        = {10.1090/gsm/121},
  url        = {https://doi.org/10.1090/gsm/121}
}
@article{deGiorgi,
  author     = {De Giorgi, Ennio},
  title      = {Una estensione del teorema di {B}ernstein},
  journal    = {Ann. Scuola Norm. Sup. Pisa Cl. Sci. (3)},
  fjournal   = {Annali della Scuola Normale Superiore di Pisa. Classe di
                Scienze. Serie III},
  volume     = {19},
  year       = {1965},
  pages      = {79--85},
  issn       = {0391-173X},
  mrclass    = {49.00 (53.04)},
  mrnumber   = {178385},
  mrreviewer = {R.\ Osserman}
}
@book{doCarmo,
  author     = {do Carmo, Manfredo Perdig\~ao},
  title      = {Riemannian geometry},
  series     = {Mathematics: Theory \& Applications},
  edition    = {Portuguese},
  publisher  = {Birkh\"auser Boston, Inc., Boston, MA},
  year       = {1992},
  pages      = {xiv+300},
  isbn       = {0-8176-3490-8},
  mrclass    = {53-01},
  mrnumber   = {1138207},
  mrreviewer = {Bang-yen\ Chen},
  doi        = {10.1007/978-1-4757-2201-7},
  url        = {https://doi.org/10.1007/978-1-4757-2201-7}
}
@article{doCarmo-Peng,
  author     = {do Carmo, M. and Peng, C. K.},
  title      = {Stable complete minimal surfaces in {${\bf R}\sp{3}$}\ are
                planes},
  journal    = {Bull. Amer. Math. Soc. (N.S.)},
  fjournal   = {American Mathematical Society. Bulletin. New Series},
  volume     = {1},
  year       = {1979},
  number     = {6},
  pages      = {903--906},
  issn       = {0273-0979,1088-9485},
  mrclass    = {53A10 (53C42)},
  mrnumber   = {546314},
  mrreviewer = {F.\ J.\ Almgren, Jr.},
  doi        = {10.1090/S0273-0979-1979-14689-5},
  url        = {https://doi.org/10.1090/S0273-0979-1979-14689-5}
}
@article{Fischer-Colbrie-Schoen,
  author     = {Fischer-Colbrie, Doris and Schoen, Richard},
  title      = {The structure of complete stable minimal surfaces in
                {$3$}-manifolds of nonnegative scalar curvature},
  journal    = {Comm. Pure Appl. Math.},
  fjournal   = {Communications on Pure and Applied Mathematics},
  volume     = {33},
  year       = {1980},
  number     = {2},
  pages      = {199--211},
  issn       = {0010-3640,1097-0312},
  mrclass    = {53C40 (58E12)},
  mrnumber   = {562550},
  mrreviewer = {Themistocles\ M.\ Rassias},
  doi        = {10.1002/cpa.3160330206},
  url        = {https://doi.org/10.1002/cpa.3160330206}
}
@article{Fleming,
  author     = {Fleming, Wendell H.},
  title      = {On the oriented {P}lateau problem},
  journal    = {Rend. Circ. Mat. Palermo (2)},
  fjournal   = {Rendiconti del Circolo Matematico di Palermo. Serie II},
  volume     = {11},
  year       = {1962},
  pages      = {69--90},
  issn       = {0009-725X},
  mrclass    = {53.04 (49.00)},
  mrnumber   = {157263},
  mrreviewer = {R.\ Osserman},
  doi        = {10.1007/BF02849427},
  url        = {https://doi.org/10.1007/BF02849427}
}
@book{G-T,
  author    = {Gilbarg, David and Trudinger, Neil S.},
  title     = {Elliptic partial differential equations of second order},
  series    = {Classics in Mathematics},
  note      = {Reprint of the 1998 edition},
  publisher = {Springer-Verlag, Berlin},
  year      = {2001},
  pages     = {xiv+517},
  isbn      = {3-540-41160-7},
  mrclass   = {35-02 (35Jxx)},
  mrnumber  = {1814364}
}
@article{Harvey-Lawson,
  author     = {Harvey, F. Reese and Lawson, Jr., H. Blaine},
  title      = {An introduction to potential theory in calibrated geometry},
  journal    = {Amer. J. Math.},
  fjournal   = {American Journal of Mathematics},
  volume     = {131},
  year       = {2009},
  number     = {4},
  pages      = {893--944},
  issn       = {0002-9327,1080-6377},
  mrclass    = {53C38 (32U05)},
  mrnumber   = {2543918},
  mrreviewer = {Spiro\ Karigiannis},
  doi        = {10.1353/ajm.0.0067},
  url        = {https://doi.org/10.1353/ajm.0.0067}
}
@article{Kapouleas,
  author     = {Kapouleas, Nicolaos},
  title      = {Complete constant mean curvature surfaces in {E}uclidean
                three-space},
  journal    = {Ann. of Math. (2)},
  fjournal   = {Annals of Mathematics. Second Series},
  volume     = {131},
  year       = {1990},
  number     = {2},
  pages      = {239--330},
  issn       = {0003-486X,1939-8980},
  mrclass    = {53A10 (49R10 58G30)},
  mrnumber   = {1043269},
  mrreviewer = {Rob\ Kusner},
  doi        = {10.2307/1971494},
  url        = {https://doi.org/10.2307/1971494}
}
@book{Lee,
  author    = {Lee, John M.},
  title     = {Introduction to smooth manifolds},
  series    = {Graduate Texts in Mathematics},
  volume    = {218},
  edition   = {Second},
  publisher = {Springer, New York},
  year      = {2013},
  pages     = {xvi+708},
  isbn      = {978-1-4419-9981-8},
  mrclass   = {58-01 (53-01 57-01)},
  mrnumber  = {2954043}
}
@book{Maggi,
  author     = {Maggi, Francesco},
  title      = {Sets of finite perimeter and geometric variational problems},
  series     = {Cambridge Studies in Advanced Mathematics},
  volume     = {135},
  note       = {An introduction to geometric measure theory},
  publisher  = {Cambridge University Press, Cambridge},
  year       = {2012},
  pages      = {xx+454},
  isbn       = {978-1-107-02103-7},
  mrclass    = {49-01 (26B20 28-02 49-02 49Q05 49Q20)},
  mrnumber   = {2976521},
  mrreviewer = {Giovanni\ Alberti},
  doi        = {10.1017/CBO9781139108133},
  url        = {https://doi.org/10.1017/CBO9781139108133}
}
@misc{Mazet,
  title         = {Stable minimal hypersurfaces in $\mathbb{R}^6$},
  author        = {Laurent Mazet},
  year          = {2024},
  eprint        = {2405.14676},
  archiveprefix = {arXiv},
  primaryclass  = {math.DG},
  url           = {https://arxiv.org/abs/2405.14676}
}
@book{Mei,
  author    = {Mei, Jiaqiang},
  publisher = {Higher Education Press},
  title     = {Mathematical Analysis},
  year      = {2020},
  note      = {in Chinese}
}
@book{Milnor,
  author     = {Milnor, J.},
  title      = {Morse theory},
  series     = {Annals of Mathematics Studies},
  volume     = {No. 51},
  note       = {Based on lecture notes by M. Spivak and R. Wells},
  publisher  = {Princeton University Press, Princeton, NJ},
  year       = {1963},
  pages      = {vi+153},
  mrclass    = {57.50 (53.72)},
  mrnumber   = {163331},
  mrreviewer = {H.\ I.\ Levine}
}
@incollection{Montiel-Ros,
  author     = {Montiel, Sebasti\'an and Ros, Antonio},
  title      = {Compact hypersurfaces: the {A}lexandrov theorem for higher
                order mean curvatures},
  booktitle  = {Differential geometry},
  series     = {Pitman Monogr. Surveys Pure Appl. Math.},
  volume     = {52},
  pages      = {279--296},
  publisher  = {Longman Sci. Tech., Harlow},
  year       = {1991},
  isbn       = {0-582-05590-3},
  mrclass    = {53C40 (53C42)},
  mrnumber   = {1173047},
  mrreviewer = {R.\ H.\ Bowman}
}
@book{Petersen,
  author    = {Petersen, Peter},
  title     = {Riemannian geometry},
  series    = {Graduate Texts in Mathematics},
  volume    = {171},
  edition   = {Third},
  publisher = {Springer, Cham},
  year      = {2016},
  pages     = {xviii+499},
  isbn      = {978-3-319-26652-7; 978-3-319-26654-1},
  mrclass   = {53-01 (53C20 53C21 53C23)},
  mrnumber  = {3469435},
  doi       = {10.1007/978-3-319-26654-1},
  url       = {https://doi.org/10.1007/978-3-319-26654-1}
}
@article{Schoen-Simon-Yau,
  author     = {Schoen, R. and Simon, L. and Yau, S. T.},
  title      = {Curvature estimates for minimal hypersurfaces},
  journal    = {Acta Math.},
  fjournal   = {Acta Mathematica},
  volume     = {134},
  year       = {1975},
  number     = {3-4},
  pages      = {275--288},
  issn       = {0001-5962,1871-2509},
  mrclass    = {53C40 (49F10)},
  mrnumber   = {423263},
  mrreviewer = {Robert\ Gulliver},
  doi        = {10.1007/BF02392104},
  url        = {https://doi.org/10.1007/BF02392104}
}
@book{Shoen-Yau,
  author    = {Shoen, Richard and Yau, Shing-Tung},
  publisher = {Higher Education Press},
  title     = {Lectures on differential geometry},
  year      = {2018},
  note      = {in Chinese}
}
@book{Simon,
  author     = {Simon, Leon},
  title      = {Lectures on geometric measure theory},
  series     = {Proceedings of the Centre for Mathematical Analysis,
                Australian National University},
  volume     = {3},
  publisher  = {Australian National University, Centre for Mathematical
                Analysis, Canberra},
  year       = {1983},
  pages      = {vii+272},
  isbn       = {0-86784-429-9},
  mrclass    = {49-01 (28A75 49F20)},
  mrnumber   = {756417},
  mrreviewer = {J.\ S.\ Joel}
}
@article{Simons,
  author     = {Simons, James},
  title      = {Minimal varieties in riemannian manifolds},
  journal    = {Ann. of Math. (2)},
  fjournal   = {Annals of Mathematics. Second Series},
  volume     = {88},
  year       = {1968},
  pages      = {62--105},
  issn       = {0003-486X},
  mrclass    = {53.04 (35.00)},
  mrnumber   = {233295},
  mrreviewer = {W.\ F.\ Pohl},
  doi        = {10.2307/1970556},
  url        = {https://doi.org/10.2307/1970556}
}
@book{Struwe,
  author     = {Struwe, Michael},
  title      = {Plateau's problem and the calculus of variations},
  series     = {Mathematical Notes},
  volume     = {35},
  publisher  = {Princeton University Press, Princeton, NJ},
  year       = {1988},
  pages      = {x+148},
  isbn       = {0-691-08510-2},
  mrclass    = {58E12 (49F10 53A10 58E05)},
  mrnumber   = {992402},
  mrreviewer = {Helmut\ Kaul}
}
@article{Wente,
  author     = {Wente, Henry C.},
  title      = {Counterexample to a conjecture of {H}. {H}opf},
  journal    = {Pacific J. Math.},
  fjournal   = {Pacific Journal of Mathematics},
  volume     = {121},
  year       = {1986},
  number     = {1},
  pages      = {193--243},
  issn       = {0030-8730,1945-5844},
  mrclass    = {53A10 (53C42)},
  mrnumber   = {815044},
  mrreviewer = {R.\ Osserman},
  url        = {http://projecteuclid.org/euclid.pjm/1102702809}
}
@article{Weyl,
  author     = {Weyl, Hermann},
  title      = {The method of orthogonal projection in potential theory},
  journal    = {Duke Math. J.},
  fjournal   = {Duke Mathematical Journal},
  volume     = {7},
  year       = {1940},
  pages      = {411--444},
  issn       = {0012-7094,1547-7398},
  mrclass    = {36.0X},
  mrnumber   = {3331},
  mrreviewer = {John\ W.\ Green},
  url        = {http://projecteuclid.org/euclid.dmj/1077492266}
}
@book{Wu,
  author    = {Wu, Hung-Hsi and Shen, Chunli and Yu, Yanlin},
  publisher = {Higher Education Press},
  title     = {Introduction to Riemannian geometry},
  year      = {2014},
  note      = {in Chinese}
}
@article{Xin,
  author     = {Xin, Yuanlong},
  title      = {Minimal submanifolds of higher codimension},
  journal    = {Vietnam J. Math.},
  fjournal   = {Vietnam Journal of Mathematics},
  volume     = {49},
  year       = {2021},
  number     = {2},
  pages      = {473--480},
  issn       = {2305-221X,2305-2228},
  mrclass    = {58E12 (35J57 53A10)},
  mrnumber   = {4287924},
  mrreviewer = {Doan The Hieu},
  doi        = {10.1007/s10013-021-00495-7},
  url        = {https://doi.org/10.1007/s10013-021-00495-7}
}